@article{tungsten_databricks,
  author =       "by Reynold Xin and Josh Rosen ",
  title =        "{Project Tungsten: Bringing Apache Spark Closer to Bare Metal}. ({English})",
  journal =      "Databricks Blog",
  year =         "2015",
  month =        "April",
  day =          "28",
  DOI =          "https://databricks.com/blog/2015/04/28/project-tungsten-bringing-spark-closer-to-bare-metal.html",
}
@book{big_data_analytics_spark,
  author = {Mohammed Guller},
  title = {Big Data Analytics with Spark},
  year = {2015},
  publisher = {Springer Science+Business Media New York},
  isbn = {978-1-4842-0964-6}
}

@article{einstein,
    author =       "Albert Einstein",
    title =        "{Zur Elektrodynamik bewegter K{\"o}rper}. ({German})
    [{On} the electrodynamics of moving bodies]",
    journal =      "Annalen der Physik",
    volume =       "322",
    number =       "10",
    pages =        "891--921",
    year =         "1905",
    DOI =          "http://dx.doi.org/10.1002/andp.19053221004",
    keywords =     "physics"
}

@book{dirac,
    title={The Principles of Quantum Mechanics},
    author={Paul Adrien Maurice Dirac},
    isbn={9780198520115},
    series={International series of monographs on physics},
    year={1981},
    publisher={Clarendon Press},
    keywords = {physics}
}

@online{knuthwebsite,
    author    = "Donald Knuth",
    title     = "Knuth: Computers and Typesetting",
    url       = "http://www-cs-faculty.stanford.edu/~uno/abcde.html",
    keywords  = "latex,knuth"
}

@inbook{knuth-fa,
    author = "Donald E. Knuth",
    title = "Fundamental Algorithms",
    publisher = "Addison-Wesley",
    year = "1973",
    chapter = "1.2",
    keywords  = "knuth,programming"
}
